@misc{pcmi2007lectureB07,
  author       = "{Park City Mathematics Institute}",
  title        = "{Lecture Notes B07}",
  year         = "2007",
  url          = "https://people.clarkson.edu/~alexis/PCMI/Notes/lectureB07.pdf",
}
